% Encoding: UTF-8

@WWW{ToPeru2020,
  author = {ToPeru},
  editor = {ToPeru},
  title  = {Geografie Peru},
  year   = {2020},
  url    = {https://toperu.nl/over-peru/geografie-peru/},
}

@WWW{Overheid2020,
  author = {Vlaamse Overheid},
  title  = {Peru in cijfers},
  year   = {2020},
  url    = {https://www.flandersinvestmentandtrade.com/export/landen/peru/cijfers},
}

@Article{CulturaPeru2020,
  author = {Ministerio de Cultura Peru},
  title  = {PUEBLO AIMARA},
  year   = {2020},
  url    = {https://bdpi.cultura.gob.pe/pueblos/aimara},
  file   = {:bronnen/PUEBLO AIMARA.pdf:PDF},
}

@WWW{dosmanosperu2018,
  author = {dos manos peru},
  title  = {Nationale Feestdagen in Peru 2018},
  year   = {2018},
  url    = {https://www.dosmanosperu.com/nl/reizen/feestdagen/2018/},
}

@WWW{dosmanosperu,
  author = {dos manos peru},
  url    = {https://www.dosmanosperu.com/nl/reizen/cultuur/},
}

@WWW{Nations2020,
  author = {United Nations},
  title  = {Overview},
  year   = {2020},
  url    = {https://www.un.org/en/sections/about-un/overview/index.html},
}

@Comment{jabref-meta: databaseType:biblatex;}
