% Encoding: UTF-8

@Book{Smits2011,
  author    = {Smits, Johan and Edens, Rona},
  title     = {Onderzoek met SPSS en Excel},
  year      = {2011},
  publisher = {Pearson Education},
  owner     = {jbuy519},
  timestamp = {2014.01.23},
}

@Report{unitednations2019,
  author      = {united nations},
  title       = {World Economic Situation and Prospects 2019},
  type        = {United Nations publication},
  institution = {United Nations},
  year        = {2019},
  date        = {2019-02-28},
}

@WWW{itu2018,
  author = {itu},
  editor = {kaka},
  title  = {Individuals using the Internet},
  year   = {2018},
  url    = {https://data.worldbank.org/indicator/IT.NET.USER.ZS?most_recent_year_desc=true},
}

@WWW{Belgium2008-2024,
  author = {Diplomatie Belgium},
  title  = {DGD-financieringen per land},
  year   = {2008-2024},
  url    = {https://diplomatie.belgium.be/nl/Beleid/Ontwikkelingssamenwerking/Wie_zijn_we/Onze_organisatie/ODA/ODA-databank},
}

@Thesis{salas-pilco2014,
  author      = {Sdenka Zobeida salas-pilco},
  title       = {ICT in Peruvian education: An overview of its development},
  type        = {article},
  institution = {University of Hong Kong},
  year        = {2014},
  date        = {2014-10-01},
}

@Article{Wooster2018,
  author  = {Martin Morse Wooster},
  title   = {The spectacular failure of One Laptop Per Child},
  journal = {philanthropy daily},
  year    = {2018},
  date    = {2018-05-24},
}

@Article{Murhpy2012,
  author       = {Anni' Murhpy},
  title        = {One Child, One Laptop ... And Mixed Results In Peru},
  journal      = {npr},
  journaltitle = {weekend edition saterdag},
  year         = {2012},
  date         = {2012-10-11},
}

@Thesis{Severin2012,
  author      = {Julián P. Cristia \& Pablo Ibarrarán \& Santiago Cueto \& Ana Santiago \& Eugenio Severín},
  title       = {Technology and Child Development: Evidence from the One Laptop per Child Program},
  type        = {Technology and Child Development},
  institution = {Inter-American Development Bank},
  year        = {2012},
  date        = {2012-02-01},
}

@Comment{jabref-meta: databaseType:biblatex;}
